<?xml version="1.0" encoding="UTF-8"?>
<!DOCTYPE Document>
<Document xmlns="urn:iso:std:iso:20022:tech:xsd:pain.001.001.03">
  <CstmrCdtTrfInitn>
	<GrpHdr>
	  <MsgId>MSG20240601-001</MsgId>
	  <CreDtTm>2024-06-01T10:00:00</CreDtTm>
	  <NbOfTxs>1</NbOfTxs>
	  <CtrlSum>1000.00</CtrlSum>
	  <InitgPty>
		<Nm>John Doe Company</Nm>
	  </InitgPty>
	</GrpHdr>
	<PmtInf>
	  <PmtInfId>PMTINF20240601-001</PmtInfId>
	  <PmtMtd>TRF</PmtMtd>
	  <NbOfTxs>1</NbOfTxs>
	  <CtrlSum>1000.00</CtrlSum>
	  <PmtTpInf>
		<SvcLvl>
		  <Cd>SEPA</Cd>
		</SvcLvl>
	  </PmtTpInf>
	  <ReqdExctnDt>2024-06-02</ReqdExctnDt>
	  <Dbtr>
		<Nm>John Doe Company</Nm>
	  </Dbtr>
	  <DbtrAcct>
		<Id>
		  <IBAN>DE89370400440532013000</IBAN>
		</Id>
	  </DbtrAcct>
	  <DbtrAgt>
		<FinInstnId>
		  <BIC>DEUTDEFF</BIC>
		</FinInstnId>
	  </DbtrAgt>
	  <CdtTrfTxInf>
		<PmtId>
		  <EndToEndId>E2E20240601-001</EndToEndId>
		</PmtId>
		<Amt>
		  <InstdAmt Ccy="EUR">1000.00</InstdAmt>
		</Amt>
		<CdtrAgt>
		  <FinInstnId>
			<BIC>BNPAFRPP</BIC>
		  </FinInstnId>
		</CdtrAgt>
		<Cdtr>
		  <Nm>Jane Smith</Nm>
		</Cdtr>
		<CdtrAcct>
		  <Id>
			<IBAN>FR7630006000011234567890189</IBAN>
		  </Id>
		</CdtrAcct>
		<RmtInf>
		  <Ustrd>Invoice 12345</Ustrd>
		</RmtInf>
	  </CdtTrfTxInf>
	</PmtInf>
  </CstmrCdtTrfInitn>
</Document>